@misc{hedgehog_online,
    author = {Stanley, Jacob},
    title = {Hedgehog will eat all your bugs},
    howpublished = {\url{https://hedgehog.qa/}},
    note = {(2020/09/05に確認)}
}

@misc{hedgehog-fn_online,
    author = {Elliott, Isaac},
    title = {hedgehog-fn: Function generation for `hedgehog`},
    howpublished = {\url{https://hackage.haskell.org/package/hedgehog-fn}},
    note = {(2020/09/07に確認)}
}

@misc{quickcheck-higherorder_online,
    author = {Li-yao, Xia},
    title = {quickcheck-higherorder: QuickCheck extension for higher-order properties},
    howpublished = {\url{https://hackage.haskell.org/package/quickcheck-higherorder}},
    note = {(2020/09/07に確認)}
}

@misc{scala_online,
    author = {Odersky, Martin},
    title = {The Scala Programming Language},
    howpublished = {\url{https://www.scala-lang.org/}},
    note = {(2020/09/05に確認)}
}

@inproceedings{koopman_automatic_2006,
    title = {Automatic testing of higher order functions},
    author = {Koopman, Pieter and Plasmeijer, Rinus},
    booktitle = {Asian Symposium on Programming Languages and Systems},
    pages = {148--164},
    year = {2006},
    organization = {Springer}
}

@inproceedings{runciman_smallcheck_2008,
    title = {Smallcheck and lazy smallcheck: automatic exhaustive testing for small values},
    author = {Runciman, Colin and Naylor, Matthew and Lindblad, Fredrik},
    booktitle = {Proceedings of the first ACM SIGPLAN symposium on Haskell},
    pages = {37--48},
    year = {2008}
}

@article{claessen_quickcheck_2011,
	title = {{QuickCheck}: a lightweight tool for random testing of {Haskell} programs},
	volume = {46},
	issn = {0362-1340},
	shorttitle = {{QuickCheck}},
	url = {https://doi.org/10.1145/1988042.1988046},
	doi = {10.1145/1988042.1988046},
	number = {4},
	urldate = {2020-09-05},
	journal = {ACM SIGPLAN Notices},
	author = {Claessen, Koen and Hughes, John},
	month = may,
	year = {2011},
	pages = {53--64}
}

@inproceedings{claessen_shrinking_2012,
	title = {Shrinking and showing functions: (functional pearl)},
	booktitle = {Proceedings of the 2012 {Haskell} {Symposium}},
	author = {Claessen, Koen},
	year = {2012},
	pages = {73--80}
}

@article{duregaard_feat_2012,
	title = {Feat: functional enumeration of algebraic types},
	volume = {47},
	number = {12},
	journal = {ACM SIGPLAN Notices},
	author = {Duregaard, Jonas and Jansson, Patrik and Wang, Meng},
	year = {2012},
	note = {Publisher: ACM New York, NY, USA},
	pages = {61--72}
}

@inproceedings{pike_smartcheck_2014,
	title = {{SmartCheck}: automatic and efficient counterexample reduction and generalization},
	booktitle = {Proceedings of the 2014 {ACM} {SIGPLAN} symposium on {Haskell}},
	author = {Pike, Lee},
	year = {2014},
	pages = {53--64},
}

@article{steele_jr_fast_2014,
	title = {Fast splittable pseudorandom number generators},
	volume = {49},
	number = {10},
	journal = {ACM SIGPLAN Notices},
	author = {Steele Jr, Guy L and Lea, Doug and Flood, Christine H},
	year = {2014},
	note = {Publisher: ACM New York, NY, USA},
	pages = {453--472}
}

@phdthesis{matela_braquehais_tools_2017,
	type = {{PhD} {Thesis}},
	title = {Tools for discovery, refinement and generalization of functional properties by enumerative testing},
	school = {University of York},
	author = {Matela Braquehais, Rudy},
	year = {2017},
}

@misc{stanley_gens_2017,
	title = {Gens {N}’ {Roses}: {Appetite} for {Reduction}},
	author = {Stanley, Jacob},
	year = {2017},
}
